@preamble{ "\newcommand{\noopsort}[1]{} "
	# "\newcommand{\printfirst}[2]{#1} "
	# "\newcommand{\singleletter}[1]{#1} "
	# "\newcommand{\switchargs}[2]{#2#1} " }

@book{RTR4,
	author = {Tomas Akenine-M\"{o}ller and Eric Haines and Naty Hoffman and Angelo Pesce and Micha\l{} Iwanicki and S\'{e}bastien Hillaire},
	title = {Real-Time Rendering 4th Edition},
	year = {2018},
	pages = {1200},
	isbn = {978-1-13862-700-0},
	publisher = {A K Peters/CRC Press},
	address = {Boca Raton, FL, USA},
}

@book{sellers2016vulkan,
	title={Vulkan Programming Guide: The Official Guide to Learning Vulkan},
	author={Sellers, G. and Kessenich, J.M.},
	isbn={9780134464541},
	lccn={2016948832},
	series={Always learning},
	year={2016},
	publisher={Addison-Wesley}
}

@book{lengyel2019fged,
	title={Foundations of Game Engine Development, Volume 2, Rendering},
	author={Lengyel, Eric},
	isbn={9780985811754},
	year={2019},
	publisher={Terathon Software LLC}
}

@book{vanverth2015essentialmath,
	title={Essential Mathematics for Game and Interactive Applications, Third Edition},
	author={James M. Van Verth and Lars M. Bishop},
	isbn={1482250926},
	year={2015},
	publisher={AK Peters/CRC Press}
}

@book{gpugems,
	author = {Fernando, Randima},
	title = {GPU Gems: Programming Techniques, Tips and Tricks for Real-Time Graphics},
	year = {2004},
	isbn = {0321228324},
	publisher = {Pearson Higher Education}
}

@book{game_programming_gems,
	author = {Deloura, Mark.},
	title = {Game Programming Gems},
	year = {2000},
	isbn = {1584500492},
	publisher = {Charles River Media, Inc.}
}

@book{game_programming_gems_2,
	author = {Pharr, Matt and Fernando, Randima},
	title = {Gpu Gems 2: Programming Techniques for High-Performance Graphics and General-Purpose Computation},
	year = {2005},
	isbn = {9780321545411},
	publisher = {Addison-Wesley Professional},
	edition = {First}
}

@book{nischwitz,
	author = {Nischwitz Et al.},
	title = {Computergrafik, 4. Auflage},
	year = {2019},
	isbn = {978-3-658-25383-7},
	publisher = {Springer Vieweg}
}

@book{sellers,
	author = {Sellers, Graham and Wright, Richard S. and Haemel, Nicholas},
	title = {OpenGL Superbible: Comprehensive Tutorial and Reference},
	year = {2015},
	isbn = {0672337479},
	publisher = {Addison-Wesley Professional},
	edition = {7th}
}

@book{textmodellingprocedural,
	author = {Ebert, David S. and Musgrave, F. Kenton and Peachey, Darwyn and Perlin, Ken and Worley, Steven},
	title = {Texturing and Modeling: A Procedural Approach},
	year = {2002},
	isbn = {1558608486},
	publisher = {Morgan Kaufmann Publishers Inc.},
	address = {San Francisco, CA, USA},
	edition = {3rd}
}

@book{vachenauer,
	author = {Meyberg, Kurt und Vachenauer, Peter},
	title = {Höhere Mathematik 1},
	year = {2001},
	isbn = {978-3-540-41850-4},
	publisher = {Springer-Verlag Berlin Heidelberg},
	Edition = {6.}
}

@manual{glclipcontrol,
	author = "Khronos Group",
	title = "OpenGL\textsuperscript{\textregistered} and OpenGL\textsuperscript{\textregistered} ES Reference Pages",
	year = "2014",
	note = "\url{https://www.khronos.org/registry/OpenGL-Refpages/gl4/html/glClipControl.xhtml}"
}

@manual{godot,
	author = "Juan Liniestky",
	title = "Porting Godot to Vulkan",
	year = "2020",
	note = "\url{https://youtu.be/sh7Sr4-RIfM}"
}

@manual{godotbloog,
	author = "Juan Liniestky",
	title = "Vulkan progress report",
	year = "2020",
	note = "\url{https://godotengine.org/article/vulkan-progress-report-7}"
}

@manual{ogl-like-vulkan,
	author = "Christoph Kubisch (Nvidia)",
	title = "OpenGL like Vulkan",
	year = "2016",
	note = "\url{https://developer.nvidia.com/opengl-vulkan}"
}

@manual{khrraytracing,
	author = "Koch Daniel",
	title = "Ray Tracing In Vulkan",
	year = "2020",
	note = "\url{https://www.khronos.org/blog/ray-tracing-in-vulkan}"
}

@manual{khrsync,
	author = "Fargnoli, Zandro",
	title = "Synchronizing the CPU and GPU",
	year = "2020",
	note = "\url{https://github.com/KhronosGroup/Vulkan-Samples/blob/master/samples/performance/wait_idle/wait_idle_tutorial.md}"
}

@manual{goldenratio,
	author = "Wolfe, Alan",
	title = "Animating Noise For Integration Over Time",
	year = "2017",
	note = "\url{https://blog.demofox.org/2017/10/31/animating-noise-for-integration-over-time/}"
}

@manual{ps5rt,
	author = "Rubin, Peter",
	title = "What to Expect From Sony's Next-Gen PlayStation",
	year = "2019",
	note = "\url{https://www.wired.com/story/exclusive-sony-next-gen-console/}"
}

@online{Shirley2020RTW1,
	title = {Ray Tracing in One Weekend},
	author = {Peter Shirley},
	year = {2020},
	month = {July},
	url = {https://raytracing.github.io/books/RayTracingInOneWeekend.html}
}

@book{Haines2019,
	title = {Ray Tracing Gems},
	editor = {Eric Haines and Tomas Akenine-M\"oller},
	publisher = {Apress},
	year = {2019},
	note ={\url{http://raytracinggems.com}},
}

@article{whitted,
	author = {Whitted, Turner},
	title = {An Improved Illumination Model for Shaded Display},
	year = {1980},
	issue_date = {June 1980},
	publisher = {Association for Computing Machinery},
	address = {New York, NY, USA},
	volume = {23},
	number = {6},
	issn = {0001-0782},
	doi = {10.1145/358876.358882},
	journal = {Commun. ACM},
	month = jun,
	pages = {343–349},
	numpages = {7}
}

@article{schied,
	author = {Schied, Christoph and Peters, Christoph and Dachsbacher, Carsten},
	title = {Gradient Estimation for Real-Time Adaptive Temporal Filtering},
	year = {2018},
	issue_date = {August 2018},
	publisher = {The Association for Computers in Mathematics and Science Teaching},
	address = {USA},
	volume = {1},
	number = {2},
	doi = {10.1145/3233301},
	journal = {Proc. ACM Comput. Graph. Interact. Tech.},
	month = aug,
	articleno = {24},
	numpages = {16}
}

@article{cook,
	author = {Cook, Robert L. and Porter, Thomas and Carpenter, Loren},
	title = {Distributed Ray Tracing},
	year = {1984},
	issue_date = {July 1984},
	publisher = {Association for Computing Machinery},
	address = {New York, NY, USA},
	volume = {18},
	number = {3},
	issn = {0097-8930},
	doi = {10.1145/964965.808590},
	journal = {SIGGRAPH Comput. Graph.},
	month = jan,
	pages = {137–145},
	numpages = {9}
}

@article{kajiya,
	author = {Kajiya, James T.},
	title = {The Rendering Equation},
	year = {1986},
	issue_date = {Aug. 1986},
	publisher = {Association for Computing Machinery},
	address = {New York, NY, USA},
	volume = {20},
	number = {4},
	issn = {0097-8930},
	doi = {10.1145/15886.15902},
	journal = {SIGGRAPH Comput. Graph.},
	month = aug,
	pages = {143–150},
	numpages = {8}
}

@manual{id-tech-7,
	author = "Dustin Land",
	title = "First Light - Bringing DOOM to Stadia",
	year = "2019",
	note = "\url{https://www.youtube.com/watch?v=qdz4b5psrhE&t=2322}"
}

@manual{q2vkpt,
	author = "Christoph Schied",
	title = "Q2VKPT - Quake 2 Real-Time Path Tracing using RTX",
	year = "2019",
	note = "\url{http://brechpunkt.de/q2vkpt/}"
}

@manual{q2vkptGDC,
	author = "Christoph Schied, Alexey Panteleev",
	title = "Real-Time Path Tracing and Denoising in 'Quake 2' (Presented by NVIDIA)",
	year = "2019",
	note = "\url{https://www.gdcvault.com/play/1026185/Real-Time-Path-Tracing-and}"
}

@manual{vkclipcontrol,
	author = "Khronos Group",
	title = "Vulkan\textsuperscript{\textregistered} 1.2.141 - A Specification",
	year = "2020",
	note = "\url{https://www.khronos.org/registry/vulkan/specs/1.2-khr-extensions/html/chap23.html#vertexpostproc-clipping}"
}


@manual{nv_rt_tutorial,
	author = "MultiMedia LLC",
	title = "NVIDIA Vulkan Ray Tracing Tutorial",
	year = "2020",
	note = "\url{https://nvpro-samples.github.io/vk_raytracing_tutorial/}"
}

@manual{mantle-api-blogpost,
	author = "Robert Hallock",
	title = "One of Mantle's Futures: Vulkan",
	year = "2015",
	note = "\url{https://community.amd.com/community/gaming/blog/2015/05/12/one-of-mantles-futures-vulkan}"
}

@manual{realtime-rt-with-nvidia-rtx,
	author = "Martin Stich",
	title = "Real-Time Raytracing with Nvidia RTX",
	year = "2018",
	note = "\url{http://on-demand.gputechconf.com/gtc-eu/2018/pdf/e8527-real-time-ray-tracing-with-nvidia-rtx.pdf}"
}

@manual{khronos-depth-buffering,
	author = "Khronos Inc.",
	title = "Depth Buffer Precision",
	year = "2012",
	note = "\url{https://www.khronos.org/opengl/wiki/Depth_Buffer_Precision}"
}

@manual{shader-binding-table-willusher,
	author = "Will Usher",
	title = "The RTX Shader Binding Table Three Ways",
	year = "2019",
	note = "\url{https://www.willusher.io/graphics/2019/11/20/the-sbt-three-ways}"
}

@manual{bluenoise,
	author = "Christoph Peters",
	title = "Moments in Graphics - Blue Noise Textures",
	year = "2016",
	note = "\url{http://momentsingraphics.de/BlueNoise.html}"
}

@manual{SPIRV,
	author = "Khronos Inc.",
	title = "The SPIR-V Open Source Ecosystem",
	year = "2020",
	note = "\url{https://www.khronos.org/spir/}"
}

@manual{GLSL-nv-raytracing,
	author = "Khronos Inc.",
	title = "GLSL Nvidia Raytracing Extension",
	year = "2019",
	note = "\url{https://github.com/KhronosGroup/GLSL/blob/master/extensions/nv/GLSL_NV_ray_tracing.txt}"
}

@inproceedings{reeves,
	title={Rendering antialiased shadows with depth maps},
	author={William T. Reeves and David Salesin and Robert L. Cook},
	booktitle={SIGGRAPH '87},
	year={1987}
}

@online{Shirley2020RTW2,
	title = {Ray Tracing: The Rest of Your Life},
	author = {Peter Shirley},
	year = {2020},
	month = {July},
	url = {https://raytracing.github.io/books/RayTracingTheRestOfYourLife.html}
}

@article{fernando,
	author = {Fernando, Randy},
	year = {2005},
	month = {01},
	pages = {},
	title = {Percentage Closer Soft Shadow},
	journal = {ACM SIGGRAPH 2005 Sketches},
	doi = {10.1145/1187112.1187153}
}

@ARTICLE{article-minimal,
   author = {L[eslie] A. Aamport},
   title = {The Gnats and Gnus Document Preparation System},
   journal = {\mbox{G-Animal's} Journal},
   year = 1986,
}

@ARTICLE{article-full,
   author = {L[eslie] A. Aamport},
   title = {The Gnats and Gnus Document Preparation System},
   journal = {\mbox{G-Animal's} Journal},
   year = 1986,
   volume = 41,
   number = 7,
   pages = "73+",
   month = jul,
   note = "This is a full ARTICLE entry",
}

@ARTICLE{blue-noise-dithering,
	author={R. A. {Ulichney}},
	journal={Proceedings of the IEEE}, 
	title={Dithering with blue noise}, 
	year={1988},
	volume={76},
	number={1},
	pages={56-79},
}


The KEY field is here to override the KEY field in the journal being
cross referenced (so is the NOTE field, in addition to its imparting
information).

@ARTICLE{article-crossref,
   crossref = {WHOLE-JOURNAL},
   key = "",
   author = {L[eslie] A. Aamport},
   title = {The Gnats and Gnus Document Preparation System},
   pages = "73+",
   note = "This is a cross-referencing ARTICLE entry",
}

@ARTICLE{whole-journal,
   key = "GAJ",
   journal = {\mbox{G-Animal's} Journal},
   year = 1986,
   volume = 41,
   number = 7,
   month = jul,
   note = {The entire issue is devoted to gnats and gnus
		(this entry is a cross-referenced ARTICLE (journal))},
}

@INBOOK{inbook-minimal,
   author = "Donald E. Knuth",
   title = "Fundamental Algorithms",
   publisher = "Addison-Wesley",
   year = "{\noopsort{1973b}}1973",
   chapter = "1.2",
}

@INBOOK{inbook-full,
   author = "Donald E. Knuth",
   title = "Fundamental Algorithms",
   volume = 1,
   series = "The Art of Computer Programming",
   publisher = "Addison-Wesley",
   address = "Reading, Massachusetts",
   edition = "Second",
   month = "10~" # jan,
   year = "{\noopsort{1973b}}1973",
   type = "Section",
   chapter = "1.2",
   pages = "10--119",
   note = "This is a full INBOOK entry",
}

@INBOOK{inbook-crossref,
   crossref = "whole-set",
   title = "Fundamental Algorithms",
   volume = 1,
   series = "The Art of Computer Programming",
   edition = "Second",
   year = "{\noopsort{1973b}}1973",
   type = "Section",
   chapter = "1.2",
   note = "This is a cross-referencing INBOOK entry",
}

@BOOK{book-minimal,
   author = "Donald E. Knuth",
   title = "Seminumerical Algorithms",
   publisher = "Addison-Wesley",
   year = "{\noopsort{1973c}}1981",
}

@BOOK{book-full,
   author = "Donald E. Knuth",
   title = "Seminumerical Algorithms",
   volume = 2,
   series = "The Art of Computer Programming",
   publisher = "Addison-Wesley",
   address = "Reading, Massachusetts",
   edition = "Second",
   month = "10~" # jan,
   year = "{\noopsort{1973c}}1981",
   note = "This is a full BOOK entry",
}

@BOOK{book-crossref,
   crossref = "whole-set",
   title = "Seminumerical Algorithms",
   volume = 2,
   series = "The Art of Computer Programming",
   edition = "Second",
   year = "{\noopsort{1973c}}1981",
   note = "This is a cross-referencing BOOK entry",
}

@BOOK{whole-set,
   author = "Donald E. Knuth",
   publisher = "Addison-Wesley",
   title = "The Art of Computer Programming",
   series = "Four volumes",
   year = "{\noopsort{1973a}}{\switchargs{--90}{1968}}",
   note = "Seven volumes planned (this is a cross-referenced set of BOOKs)",
}

@BOOKLET{booklet-minimal,
   key = "Kn{\printfirst{v}{1987}}",
   title = "The Programming of Computer Art",
}

@BOOKLET{booklet-full,
   author = "Jill C. Knvth",
   title = "The Programming of Computer Art",
   howpublished = "Vernier Art Center",
   address = "Stanford, California",
   month = feb,
   year = 1988,
   note = "This is a full BOOKLET entry",
}

@INCOLLECTION{incollection-minimal,
   author = "Daniel D. Lincoll",
   title = "Semigroups of Recurrences",
   booktitle = "High Speed Computer and Algorithm Organization",
   publisher = "Academic Press",
   year = 1977,
}

@INCOLLECTION{incollection-full,
   author = "Daniel D. Lincoll",
   title = "Semigroups of Recurrences",
   editor = "David J. Lipcoll and D. H. Lawrie and A. H. Sameh",
   booktitle = "High Speed Computer and Algorithm Organization",
   number = 23,
   series = "Fast Computers",
   chapter = 3,
   type = "Part",
   pages = "179--183",
   publisher = "Academic Press",
   address = "New York",
   edition = "Third",
   month = sep,
   year = 1977,
   note = "This is a full INCOLLECTION entry",
}

@INCOLLECTION{incollection-crossref,
   crossref = "whole-collection",
   author = "Daniel D. Lincoll",
   title = "Semigroups of Recurrences",
   pages = "179--183",
   note = "This is a cross-referencing INCOLLECTION entry",
}

@BOOK{whole-collection,
   editor = "David J. Lipcoll and D. H. Lawrie and A. H. Sameh",
   title = "High Speed Computer and Algorithm Organization",
   booktitle = "High Speed Computer and Algorithm Organization",
   number = 23,
   series = "Fast Computers",
   publisher = "Academic Press",
   address = "New York",
   edition = "Third",
   month = sep,
   year = 1977,
   note = "This is a cross-referenced BOOK (collection) entry",
}

@MANUAL{manual-minimal,
   key = "Manmaker",
   title = "The Definitive Computer Manual",
}

@MANUAL{manual-full,
   author = "Larry Manmaker",
   title = "The Definitive Computer Manual",
   organization = "Chips-R-Us",
   address = "Silicon Valley",
   edition = "Silver",
   month = apr # "-" # may,
   year = 1986,
   note = "This is a full MANUAL entry",
}

@MASTERSTHESIS{mastersthesis-minimal,
   author = "{\'{E}}douard Masterly",
   title = "Mastering Thesis Writing",
   school = "Stanford University",
   year = 1988,
}

@MASTERSTHESIS{mastersthesis-full,
   author = "{\'{E}}douard Masterly",
   title = "Mastering Thesis Writing",
   school = "Stanford University",
   type = "Master's project",
   address = "English Department",
   month = jun # "-" # aug,
   year = 1988,
   note = "This is a full MASTERSTHESIS entry",
}

@MISC{misc-minimal,
   key = "Missilany",
   note = "This is a minimal MISC entry",
}

@MISC{misc-full,
   author = "Joe-Bob Missilany",
   title = "Handing out random pamphlets in airports",
   howpublished = "Handed out at O'Hare",
   month = oct,
   year = 1984,
   note = "This is a full MISC entry",
}

@STRING{STOC-key = "OX{\singleletter{stoc}}"}

@STRING{ACM = "The OX Association for Computing Machinery"}

@STRING{STOC = " Symposium on the Theory of Computing"}

@INPROCEEDINGS{inproceedings-minimal,
   author = "Alfred V. Oaho and Jeffrey D. Ullman and Mihalis Yannakakis",
   title = "On Notions of Information Transfer in {VLSI} Circuits",
   booktitle = "Proc. Fifteenth Annual ACM" # STOC,
   year = 1983,
}

@INPROCEEDINGS{inproceedings-full,
   author = "Alfred V. Oaho and Jeffrey D. Ullman and Mihalis Yannakakis",
   title = "On Notions of Information Transfer in {VLSI} Circuits",
   editor = "Wizard V. Oz and Mihalis Yannakakis",
   booktitle = "Proc. Fifteenth Annual ACM" # STOC,
   number = 17,
   series = "All ACM Conferences",
   pages = "133--139",
   month = mar,
   year = 1983,
   address = "Boston",
   organization = ACM,
   publisher = "Academic Press",
   note = "This is a full INPROCEDINGS entry",
}

@INPROCEEDINGS{inproceedings-crossref,
   crossref = "whole-proceedings",
   author = "Alfred V. Oaho and Jeffrey D. Ullman and Mihalis Yannakakis",
   title = "On Notions of Information Transfer in {VLSI} Circuits",
   organization = "",
   pages = "133--139",
   note = "This is a cross-referencing INPROCEEDINGS entry",
}

@PROCEEDINGS{proceedings-minimal,
   key = STOC-key,
   title = "Proc. Fifteenth Annual" # STOC,
   year = 1983,
}

@PROCEEDINGS{proceedings-full,
   editor = "Wizard V. Oz and Mihalis Yannakakis",
   title = "Proc. Fifteenth Annual" # STOC,
   number = 17,
   series = "All ACM Conferences",
   month = mar,
   year = 1983,
   address = "Boston",
   organization = ACM,
   publisher = "Academic Press",
   note = "This is a full PROCEEDINGS entry",
}

@PROCEEDINGS{whole-proceedings,
   key = STOC-key,
   organization = ACM,
   title = "Proc. Fifteenth Annual" # STOC,
   address = "Boston",
   year = 1983,
   booktitle = "Proc. Fifteenth Annual ACM" # STOC,
   note = "This is a cross-referenced PROCEEDINGS",
}

@PHDTHESIS{phdthesis-minimal,
   author = "F. Phidias Phony-Baloney",
   title = "Fighting Fire with Fire: Festooning {F}rench Phrases",
   school = "Fanstord University",
   year = 1988,
}

@PHDTHESIS{phdthesis-full,
   author = "F. Phidias Phony-Baloney",
   title = "Fighting Fire with Fire: Festooning {F}rench Phrases",
   school = "Fanstord University",
   type = "{PhD} Dissertation",
   address = "Department of French",
   month = jun # "-" # aug,
   year = 1988,
   note = "This is a full PHDTHESIS entry",
}

@TECHREPORT{techreport-minimal,
   author = "Tom Terrific",
   title = "An {$O(n \log n / \! \log\log n)$} Sorting Algorithm",
   institution = "Fanstord University",
   year = 1988,
}

@TECHREPORT{techreport-full,
   author = "Tom T{\'{e}}rrific",
   title = "An {$O(n \log n / \! \log\log n)$} Sorting Algorithm",
   institution = "Fanstord University",
   type = "Wishful Research Result",
   number = "7",
   address = "Computer Science Department, Fanstord, California",
   month = oct,
   year = 1988,
   note = "This is a full TECHREPORT entry",
}

@UNPUBLISHED{unpublished-minimal,
   author = "Ulrich {\"{U}}nderwood and Ned {\~N}et and Paul {\={P}}ot",
   title = "Lower Bounds for Wishful Research Results",
   note = "Talk at Fanstord University (this is a minimal UNPUBLISHED entry)",
}

@UNPUBLISHED{unpublished-full,
   author = "Ulrich {\"{U}}nderwood and Ned {\~N}et and Paul {\={P}}ot",
   title = "Lower Bounds for Wishful Research Results",
   month = nov # ", " # dec,
   year = 1988,
   note = "Talk at Fanstord University (this is a full UNPUBLISHED entry)",
}

@MISC{random-note-crossref,
   key = {Volume-2},
   note = "Volume~2 is listed under Knuth \cite{book-full}"
}
